<?xml version="1.0" encoding="UTF-8"?><record xmlns="http://www.loc.gov/MARC21/slim" xmlns:cinclude="http://apache.org/cocoon/include/1.0" xmlns:zs="http://www.loc.gov/zing/srw/">
  <leader>00541nz  a2200145n  4500</leader>
  <controlfield tag="001">no 96033632 </controlfield>
  <controlfield tag="003">DLC</controlfield>
  <controlfield tag="005">19960702053933.1</controlfield>
  <controlfield tag="008">960701n| acannaab|          |a ana     c</controlfield>
  <datafield tag="010" ind1=" " ind2=" ">
    <subfield code="a">no 96033632 </subfield>
  </datafield>
  <datafield tag="035" ind1=" " ind2=" ">
    <subfield code="a">(OCoLC)oca04110406 </subfield>
  </datafield>
  <datafield tag="040" ind1=" " ind2=" ">
    <subfield code="a">ICU</subfield>
    <subfield code="c">ICU</subfield>
  </datafield>
  <datafield tag="110" ind1="2" ind2="0">
    <subfield code="a">Akademie für Schul- und Kirchenmusik Luzern</subfield>
  </datafield>
  <datafield tag="410" ind1="2" ind2="0">
    <subfield code="a">Akademie für Schul- und Kirchenmusik in Luzern</subfield>
  </datafield>
  <datafield tag="670" ind1=" " ind2=" ">
    <subfield code="a">Deutsche Rezitation und Psalmodie, 1982:</subfield>
    <subfield code="b">t.p. verso (Akademie für Schul- und Kirchenmusik Luzern) p. 256 (Akademie für Schul- und Kirchenmusik in Luzern)</subfield>
  </datafield>
</record>